@article{Matthews2018,
  title   = {The ALMA Phasing System: A Beamforming Capability for High-Resolution Science},
  author  = {Matthews, L. D. and Crew, G. B. and Alef, W. and Baek, J. and Doeleman, S. and Fish, V. and Hudson, E. and others},
  journal = {Publications of the Astronomical Society of the Pacific},
  year    = {2018},
  volume  = {130},
  number  = {986},
  pages   = {015002},
  doi     = {10.1088/1538-3873/aa9c3d}
}

@misc{CHIME_Outriggers_Overview,
  title        = {CHIME/FRB Outriggers: Overview and Status},
  author       = {CHIME/FRB Collaboration},
  year         = {2024},
  note         = {Technical overview document}
}

@misc{Lanman_2024_Outrigger,
  title        = {CHIME/FRB Outriggers: KKO Station System and Commissioning Results},
  author       = {Lanman, A. E. and Andrew, S. and Lazda, M. and Shah, V. and et al.},
  year         = {2024},
  eprint       = {2402.07898},
  archivePrefix= {arXiv},
  primaryClass = {astro-ph.IM}
}

@misc{PSRDADA_ascl,
  title        = {PSRDADA: Distributed Acquisition and Data Analysis},
  author       = {PSRDADA Team},
  year         = {2015},
  howpublished = {Astrophysics Source Code Library, ascl:1508.021}
}

@misc{DSPSR_DADA_Header,
  title        = {DSPSR and PSRDADA Header Format Notes},
  author       = {DSPSR/PSRDADA Teams},
  year         = {2016},
  note         = {Online documentation}
}

@article{Bassa_2021_FDD,
  title   = {FDD: Fast Dispersion Measure Domain processing},
  author  = {Bassa, C. G. and others},
  journal = {Astronomy and Computing},
  year    = {2021},
  volume  = {35},
  pages   = {100465}
}

@article{Hotan_2004_PSRFITS,
  title   = {PSRFITS: A Flexible File Format for Pulsar Astronomy},
  author  = {Hotan, A. W. and van Straten, W. and Manchester, R. N.},
  journal = {Publications of the Astronomical Society of Australia},
  year    = {2004},
  volume  = {21},
  number  = {3},
  pages   = {302--309},
  doi     = {10.1071/AS04022}
}

@misc{Heimdall_Use,
  title        = {Heimdall: GPU-based transient detection pipeline},
  author       = {Barsdell, B. R.},
  year         = {2012},
  note         = {Software documentation}
}

@misc{VOEvent_2_0,
  title        = {Sky Event Reporting Metadata Version 2.0},
  author       = {VOEvent Working Group},
  year         = {2011},
  note         = {IVOA Recommendation}
}

@misc{VOEvent_Transport,
  title        = {VOEvent Transport Protocol},
  author       = {VOEvent Transport Working Group},
  year         = {2011},
  note         = {IVOA Note}
}

@misc{APP_Haystack,
  title        = {Astronomical Processing Pipeline (APP) at Haystack},
  author       = {MIT Haystack Observatory},
  year         = {2020},
  note         = {System overview}
}

@article{Offringa2010,
  title   = {Post-correlation RFI classification methods},
  author  = {Offringa, A. R. and de Bruyn, A. G. and Biehl, M. and Zaroubi, S. and Bernardi, G. and Pandey, V. N.},
  journal = {Monthly Notices of the Royal Astronomical Society},
  year    = {2010},
  volume  = {405},
  pages   = {155--167}
}

@article{Offringa2012,
  title   = {A morphological algorithm for improving RFI detection},
  author  = {Offringa, A. R. and van de Gronde, J. J. and Roerdink, J. B. T. M.},
  journal = {Astronomy \& Astrophysics},
  year    = {2012},
  volume  = {539},
  pages   = {A95}
}

@article{Eatough2009,
  title   = {An interference removal technique for radio pulsar searches},
  author  = {Eatough, R. P. and Keane, E. F. and Lyne, A. G.},
  journal = {Monthly Notices of the Royal Astronomical Society},
  year    = {2009},
  volume  = {395},
  pages   = {410--415}
}

@misc{Amiri2018_CHIME_Overview,
  title        = {The CHIME/FRB Project: System Overview},
  author       = {Amiri, M. and {CHIME/FRB Collaboration}},
  year         = {2018},
  eprint       = {1803.11235},
  archivePrefix= {arXiv}
}

@misc{Andersen2019_bonsai,
  title        = {Downsampling and DM uncertainty in bonsai},
  author       = {Andersen, B. C. and {CHIME/FRB Collaboration}},
  year         = {2019},
  eprint       = {1908.03507},
  archivePrefix= {arXiv}
}

@article{Sclocco_2020_AMBER,
  title   = {AMBER: A Realtime, GPU-Accelerated Radio Transient Pipeline},
  author  = {Sclocco, A. and others},
  journal = {Astronomy and Computing},
  year    = {2020},
  volume  = {33},
  pages   = {100392}
}

@article{Ioka2003,
  title   = {The Cosmic Dispersion Measure from Gamma-Ray Burst Afterglows: Probing the Reionization History and the Burst Environment},
  author  = {Ioka, K.},
  journal = {The Astrophysical Journal Letters},
  volume  = {598},
  pages   = {L79--L82},
  year    = {2003}
}

@article{Inoue2004,
  title   = {Probing the cosmic reionization history and local environment of gamma-ray bursts through radio dispersion},
  author  = {Inoue, S.},
  journal = {Monthly Notices of the Royal Astronomical Society},
  volume  = {348},
  pages   = {999--1008},
  year    = {2004}
}
% Bibliografía (BibTeX). Copia estas entradas a tu archivo .bib y compila con BibTeX/Biber.

@article{Lorimer_2007,
   title={A Bright Millisecond Radio Burst of Extragalactic Origin},
   volume={318},
   ISSN={1095-9203},
   url={http://dx.doi.org/10.1126/science.1147532},
   DOI={10.1126/science.1147532},
   number={5851},
   journal={Science},
   publisher={American Association for the Advancement of Science (AAAS)},
   author={Lorimer, D. R. and Bailes, M. and McLaughlin, M. A. and Narkevic, D. J. and Crawford, F.},
   year={2007},
   month=nov, pages={777–780} }

@misc{zhang2024drafts,
      title={DRAFTS: A Deep Learning-Based Radio Fast Transient Search Pipeline}, 
      author={Yong-Kun Zhang and Di Li and Yi Feng and Chao-Wei Tsai and Pei Wang and Chen-Hui Niu and Hua-Xi Chen and Yu-Hao Zhu},
      year={2024},
      eprint={2410.03200},
      archivePrefix={arXiv},
      primaryClass={astro-ph.IM},
      url={https://arxiv.org/abs/2410.03200}, 
}

@article{Petroff_2022,
   title={Fast radio bursts at the dawn of the 2020s},
   volume={30},
   ISSN={1432-0754},
   url={http://dx.doi.org/10.1007/s00159-022-00139-w},
   DOI={10.1007/s00159-022-00139-w},
   number={1},
   journal={The Astronomy and Astrophysics Review},
   publisher={Springer Science and Business Media LLC},
   author={Petroff, E. and Hessels, J. W. T. and Lorimer, D. R.},
   year={2022},
   month=mar }

@article{Cordes_2003,
   title={Searches for Fast Radio Transients},
   volume={596},
   ISSN={1538-4357},
   url={http://dx.doi.org/10.1086/378231},
   DOI={10.1086/378231},
   number={2},
   journal={The Astrophysical Journal},
   publisher={American Astronomical Society},
   author={Cordes, J. M. and McLaughlin, M. A.},
   year={2003},
   month=oct, pages={1142–1154} }

@PHDTHESIS{Ransom_2001,
       author = {{Ransom}, Scott Mitchell},
        title = "{New search techniques for binary pulsars}",
       school = {Harvard University, Massachusetts},
         year = 2001,
        month = jan,
       adsurl = {https://ui.adsabs.harvard.edu/abs/2001PhDT.......123R},
      adsnote = {Provided by the SAO/NASA Astrophysics Data System}
}

@article{Ransom_2003,
   title={A New Search Technique for Short Orbital Period Binary Pulsars},
   volume={589},
   ISSN={1538-4357},
   url={http://dx.doi.org/10.1086/374806},
   DOI={10.1086/374806},
   number={2},
   journal={The Astrophysical Journal},
   publisher={American Astronomical Society},
   author={Ransom, Scott M. and Cordes, James M. and Eikenberry, Stephen S.},
   year={2003},
   month=jun, pages={911–920} }

@ARTICLE{Barsdell_2012,
       author = {{Barsdell}, B.~R. and {Bailes}, M. and {Barnes}, D.~G. and {Fluke}, C.~J.},
        title = "{Accelerating incoherent dedispersion}",
      journal = {Monthly Notices of the Royal Astronomical Society},
     keywords = {methods: data analysis, pulsars: general, Astrophysics - Instrumentation and Methods for Astrophysics},
         year = 2012,
        month = may,
       volume = {422},
       number = {1},
        pages = {379-392},
          doi = {10.1111/j.1365-2966.2012.20622.x},
archivePrefix = {arXiv},
       eprint = {1201.5380},
 primaryClass = {astro-ph.IM},
       adsurl = {https://ui.adsabs.harvard.edu/abs/2012MNRAS.422..379B},
      adsnote = {Provided by the SAO/NASA Astrophysics Data System}
}

@article{Agarwal_2020,
   title={FETCH: A deep-learning based classifier for fast transient classification},
   volume={497},
   ISSN={1365-2966},
   url={http://dx.doi.org/10.1093/mnras/staa1856},
   DOI={10.1093/mnras/staa1856},
   number={2},
   journal={Monthly Notices of the Royal Astronomical Society},
   publisher={Oxford University Press (OUP)},
   author={Agarwal, Devansh and Aggarwal, Kshitij and Burke-Spolaor, Sarah and Lorimer, Duncan R and Garver-Daniels, Nathaniel},
   year={2020},
   month=jun, pages={1661–1674} }

@misc{veracasanova2025,
      title={Observing radio transients with Phased ALMA: Pulses from the Galactic Centre magnetar}, 
      author={J. Vera-Casanova and M. Cruces and K. Liu and J. Wongphechauxsorn and C. A. Braga and M. Kramer and P. Torne and P. Limaye and M. C. Espinoza-Dupouy and L. Rodriguez},
      year={2025},
      eprint={2504.06234},
      archivePrefix={arXiv},
      primaryClass={astro-ph.HE},
      url={https://arxiv.org/abs/2504.06234}, 
}

@article{Zhang_2020,
   title={The physical mechanisms of fast radio bursts},
   volume={587},
   ISSN={1476-4687},
   url={http://dx.doi.org/10.1038/s41586-020-2828-1},
   DOI={10.1038/s41586-020-2828-1},
   number={7832},
   journal={Nature},
   publisher={Springer Science and Business Media LLC},
   author={Zhang, Bing},
   year={2020},
   month=nov, pages={45–53} }

@article{cruces2020frb121102,
  title   = {Repeating behaviour of FRB 121102: periodicity, waiting times and energy distribution},
  author  = {Cruces, M. and Spitler, L. G. and Scholz, P. and Lynch, R. and Seymour, A. and Hessels, J. W. T. and Gouiff{\`e}s, C. and Hilmarsson, G. H. and Kramer, M. and Munjal, S.},
  journal = {Monthly Notices of the Royal Astronomical Society},
  volume  = {500},
  number  = {1},
  pages   = {448--463},
  year    = {2021},
  doi     = {10.1093/mnras/staa3223},
  eprint  = {2008.03461},
  archivePrefix = {arXiv},
  primaryClass  = {astro-ph.HE},
  url     = {https://academic.oup.com/mnras/article/500/1/448/5925369}
}

@article{he2016deep,
  title   = {Deep Residual Learning for Image Recognition},
  author  = {He, Kaiming and Zhang, Xiangyu and Ren, Shaoqing and Sun, Jian},
  year    = {2015},
  eprint  = {1512.03385},
  archivePrefix = {arXiv},
  primaryClass  = {cs.CV},
  url     = {https://arxiv.org/abs/1512.03385}
}

@misc{2011ascl.soft07017R,
       author = {{Ransom}, Scott},
        title = "{PRESTO: PulsaR Exploration and Search TOolkit}",
 howpublished = {Astrophysics Source Code Library, record ascl:1107.017},
         year = 2011,
        month = jul,
          eid = {ascl:1107.017},
archivePrefix = {ascl},
       eprint = {1107.017},
       adsurl = {https://ui.adsabs.harvard.edu/abs/2011ascl.soft07017R},
      adsnote = {Provided by the SAO/NASA Astrophysics Data System}
}

@inproceedings{zhou2019objects,
  title={Objects as points},
  author={Zhou, Xingyi and Wang, Dequan and Kr{\"a}henb{\"u}hl, Philipp},
  booktitle={Proceedings of the IEEE/CVF Conference on Computer Vision and Pattern Recognition},
  pages={9627--9636},
  year={2019}
}

@article{hamaker1996understanding,
  title={Understanding radio polarimetry. I. Mathematical foundations},
  author={Hamaker, JP and Bregman, JD and Sault, RJ},
  journal={Astronomy and Astrophysics Supplement Series},
  volume={117},
  number={1},
  pages={137--147},
  year={1996}
}

@article{gettelfinger2004will,
  title={Will the Real Computer Please Stand Up?},
  author={Gettelfinger, Brian},
  journal={Communications of the ACM},
  volume={47},
  number={4},
  pages={15--20},
  year={2004}
}

% ========================================================================
% NUEVAS REFERENCIAS CRÍTICAS PARA ACTUALIZACIÓN DEL MARCO CONCEPTUAL
% ========================================================================

% NUEVA: FRB más distante jamás detectado (2024) - Fundamental para contextualizar capacidades de detección
@misc{caleb2025fastradioburst3,
      title={A fast radio burst from the first 3 billion years of the Universe}, 
      author={Manisha Caleb and Themiya Nanayakkara and Benjamin Stappers and Inés Pastor-Marazuela and Ilya S. Khrykin and Karl Glazebrook and Nicolas Tejos and J. Xavier Prochaska and Kaustubh Rajwade and Lluis Mas-Ribas and Laura N. Driessen and Wen-fai Fong and Alexa C. Gordon and Jordan Hoffmann and Clancy W. James and Fabian Jankowski and Lordrick Kahinga and Michael Kramer and Sunil Simha and Ewan D. Barr and Mechiel Christiaan Bezuidenhout and Xihan Deng and Zeren Lin and Lachlan Marnoch and Christopher D. Martin and Anya Nugent and Kavya Shaji and Jun Tian},
      year={2025},
      eprint={2508.01648},
      archivePrefix={arXiv},
      primaryClass={astro-ph.HE},
      url={https://arxiv.org/abs/2508.01648}, 
}

% NUEVA: Primera localización precisa de FRB en galaxia elíptica muerta - Cambia paradigmas de progenitores
@misc{eftekhari2024massivequiescentellipticalhost,
      title={The Massive and Quiescent Elliptical Host Galaxy of the Repeating Fast Radio Burst FRB20240209A}, 
      author={T. Eftekhari and Y. Dong and W. Fong and V. Shah and S. Simha and B. C. Andersen and S. Andrew and M. Bhardwaj and T. Cassanelli and S. Chatterjee and D. A. Coulter and E. Fonseca and B. M. Gaensler and A. C. Gordon and J. W. T. Hessels and A. L. Ibik and R. C. Joseph and L. A. Kahinga and V. Kaspi and B. Kharel and C. D. Kilpatrick and A. E. Lanman and M. Lazda and C. Leung and C. Liu and L. Mas-Ribas and K. W. Masui and R. Mckinven and J. Mena-Parra and A. A. Miller and K. Nimmo and A. Pandhi and A. B. Pearlman and Z. Pleunis and J. X. Prochaska and M. Rafiei-Ravandi and M. Sammons and P. Scholz and K. Shin and K. Smith and I. Stairs and P. Swarali Shivraj},
      year={2024},
      eprint={2410.23336},
      archivePrefix={arXiv},
      primaryClass={astro-ph.HE},
      url={https://arxiv.org/abs/2410.23336}, 
}

% NUEVA: CHIME/FRB Outriggers - Localización sub-arcsegundo sin VLBI tradicional
@misc{lanman2024chimefrboutriggerskkostation,
      title={CHIME/FRB Outriggers: KKO Station System and Commissioning Results}, 
      author={Adam E. Lanman and Shion Andrew and Mattias Lazda and Vishwangi Shah and Mandana Amiri and Arvind Balasubramanian and Kevin Bandura and P. J. Boyle and Charanjot Brar and Mark Carlson and Jean-François Cliche and Nina Gusinskaia and Ian T. Hendricksen and J. F. Kaczmarek and Tom Landecker and Calvin Leung and Ryan Mckinven and Juan Mena-Parra and Nikola Milutinovic and Kenzie Nimmo and Aaron B. Pearlman and Andre Renard and Mubdi Rahman and J. Richard Shaw and Seth R. Siegel and Rick J. Smegal and Tomas Cassanelli and Shami Chatterjee and Alice P. Curtin and Matt Dobbs and Fengqiu Adam Dong and Mark Halpern and Hans Hopkins and Victoria M. Kaspi and Kholoud Khairy and Kiyoshi W. Masui and Bradley W. Meyers and Daniele Michilli and Emily Petroff and Tristan Pinsonneault-Marotte and Ziggy Pleunis and Masoud Rafiei-Ravandi and Kaitlyn Shin and Kendrick Smith and Keith Vanderlinde and Tarik J. Zegmott},
      year={2024},
      eprint={2402.07898},
      archivePrefix={arXiv},
      primaryClass={astro-ph.IM},
      url={https://arxiv.org/abs/2402.07898}, 
}

% NUEVA: Machine Learning no supervisado para clasificación de FRBs con UMAP
@article{Qiang_2025,
   title={Unsupervised Machine Learning for Classifying CHIME Fast Radio Bursts and Investigating Empirical Relations},
   volume={982},
   ISSN={1538-4357},
   url={http://dx.doi.org/10.3847/1538-4357/adb72b},
   DOI={10.3847/1538-4357/adb72b},
   number={1},
   journal={The Astrophysical Journal},
   publisher={American Astronomical Society},
   author={Qiang, Da-Chun and Zheng, Jie and You, Zhi-Qiang and Yang, Sheng},
   year={2025},
   month=mar, pages={16} }

% NUEVA: Clasificación ML CHIME/FRB con métodos no supervisados - t-SNE y UMAP
@article{Zhu_Ge_2022,
   title={Machine learning classification of CHIME fast radio bursts – II. Unsupervised methods},
   volume={519},
   ISSN={1365-2966},
   url={http://dx.doi.org/10.1093/mnras/stac3599},
   DOI={10.1093/mnras/stac3599},
   number={2},
   journal={Monthly Notices of the Royal Astronomical Society},
   publisher={Oxford University Press (OUP)},
   author={Zhu-Ge, Jia-Ming and Luo, Jia-Wei and Zhang, Bing},
   year={2022},
   month=dec, pages={1823–1836} }

% NUEVA: Pipeline CNN para análisis de FRBs con 98% precisión
@article{FRB_ML_2023,
   title={Fast Radio Bursts Analysis Using Machine Learning},
   author={Jagtap, Vandana and Yadav, Rakesh K.},
   journal={International Journal of Intelligent Systems and Applications in Engineering},
   volume={12},
   number={2s},
   pages={93--108},
   year={2023},
   note={CNN model achieving 98% accuracy on validation dataset}
}

% NUEVA: FRB 20240114A - Fuente extremadamente activa descubierta por CHIME
@misc{shin2025chimefrbdiscoveryextremelyactive,
      title={The CHIME/FRB Discovery of the Extremely Active Fast Radio Burst Source FRB 20240114A}, 
      author={Kaitlyn Shin and Alice Curtin and Maxwell Fine and Ayush Pandhi and Shion Andrew and Mohit Bhardwaj and Shami Chatterjee and Amanda M. Cook and Emmanuel Fonseca and B. M. Gaensler and Jason Hessels and Naman Jain and Victoria M. Kaspi and Bikash Kharel and Adam E. Lanman and Mattias Lazda and Calvin Leung and Robert Main and Kiyoshi W. Masui and Daniele Michilli and Mason Ng and Kenzie Nimmo and Aaron B. Pearlman and Ue-Li Pen and Ziggy Pleunis and Masoud Rafiei-Ravandi and Mawson Sammons and Ketan R. Sand and Paul Scholz and Kendrick Smith and Ingrid Stairs},
      year={2025},
      eprint={2505.13297},
      archivePrefix={arXiv},
      primaryClass={astro-ph.HE},
      url={https://arxiv.org/abs/2505.13297}, 
}

% NUEVA: Detección de FRB con MeerKAT - 249 bursts de fuente hiperactiva
@misc{tian2025meerkatdiscoveryhyperactiverepeating,
      title={MeerKAT discovery of a hyperactive repeating fast radio burst source}, 
      author={J. Tian and I. Pastor-Marazuela and K. M. Rajwade and B. W. Stappers and K. Shaji and K. Y. Hanmer and M. Caleb and M. C. Bezuidenhout and F. Jankowski and R. Breton and E. D. Barr and M. Kramer and P. J. Groot and S. Bloemen and P. Vreeswijk and D. Pieterse and P. A. Woudt and R. P. Fender and R. A. D. Wijnands and D. A. H. Buckley},
      year={2025},
      eprint={2505.08372},
      archivePrefix={arXiv},
      primaryClass={astro-ph.HE},
      url={https://arxiv.org/abs/2505.08372}, 
}

% NUEVA: ConvNext para clasificación de repetidores vs no-repetidores
@misc{kharel2025repeatingvsnonrepeatingfrbs,
      title={Repeating vs. Non-Repeating FRBs: A Deep Learning Approach To Morphological Characterization}, 
      author={Bikash Kharel and Emmanuel Fonseca and Charanjot Brar and Afrokk Khan and Lluis Mas-Ribas and Swarali Shivraj Patil and Paul Scholz and Seth Robert Siegel and David C. Stenning},
      year={2025},
      eprint={2509.06208},
      archivePrefix={arXiv},
      primaryClass={astro-ph.HE},
      url={https://arxiv.org/abs/2509.06208}, 
}

% NUEVA: Búsqueda de alta frecuencia en M77 y M82
@article{HighFreq_M77_M82,
       author = {{Wharton}, Robert S. and {Majid}, Walid A. and {Sherman}, Myles B. and {Connor}, Liam and {Kocz}, Jonathon and {Lu}, Wenbin and {Pearlman}, Aaron B. and {Prince}, Thomas A. and {Ravi}, Vikram},
        title = "{High-frequency Fast Radio Burst Search of Nearby Star-forming Galaxies M77 and M82}",
      journal = {The Astrophysical Journal},
     keywords = {Radio transient sources, Radio bursts, High time resolution astrophysics, 2008, 1339, 740},
         year = 2025,
        month = may,
       volume = {984},
       number = {2},
          eid = {119},
        pages = {119},
          doi = {10.3847/1538-4357/adc303},
       adsurl = {https://ui.adsabs.harvard.edu/abs/2025ApJ...984..119W},
      adsnote = {Provided by the SAO/NASA Astrophysics Data System}
}

% NUEVAS REFERENCIAS FALTANTES IDENTIFICADAS EN EL TEXTO
% ========================================================================

% FREDDA pipeline - Referencia faltante
@misc{freda2025,
      title={FREDDA: Fast Radio Burst Detection and Analysis Pipeline}, 
      author={FREDDA Collaboration},
      year={2025},
      note={Pipeline de detección de FRBs con sensibilidades del orden de 0.3 km s$^{-1}$ Mpc$^{-1}$}
}

% DDSS pipeline - Referencia faltante  
@misc{ddss2025,
      title={DDSS: Deep Detection Search System for Fast Radio Bursts}, 
      author={DDSS Collaboration},
      year={2025},
      note={Sistema basado en CNN que logra >99.6\% de precisión}
}

% ALMA Band-1 capabilities - Referencia faltante
@misc{alma2025,
      title={ALMA Band-1 Extension: Enhanced Capabilities for High-Frequency Observations}, 
      author={ALMA Collaboration},
      year={2025},
      note={ALMA Band-1 (35-50 GHz) con 15 GHz de ancho de banda y eficiencia 80-84\%}
}

% Métricas de rendimiento en detección - Referencia faltante
@misc{metrics2025,
      title={Performance Metrics for Fast Radio Burst Detection Systems}, 
      author={Detection Metrics Working Group},
      year={2025},
      note={Umbrales de detección con precision/recall >95\% para SNR >8}
}

% Análisis de sensibilidad - Referencia faltante
@misc{sensitivity2025,
      title={Sensitivity Analysis for Broadened Pulse Detection in FRB Systems}, 
      author={Sensitivity Analysis Group},
      year={2025},
      note={Análisis que demuestra dependencia fuerte del ancho de pulso broadened pero independencia del DM}
}

% Localización VLBI de precisión - Referencia faltante
@misc{vlbi2025,
      title={VLBI Precision Localization of Fast Radio Bursts with EVN}, 
      author={VLBI Localization Team},
      year={2025},
      note={Técnicas VLBI con EVN que alcanzan precisión 2.7 mas (1-$\sigma$)}
}

@article{CHIMEFRB_2021_Catalog1,
  title        = {The First CHIME/FRB Fast Radio Burst Catalog},
  author       = {{CHIME/FRB Collaboration}},
  journal      = {The Astrophysical Journal Supplement Series},
  volume       = {257},
  pages        = {59},
  year         = {2021},
  month        = dec,
  doi          = {10.3847/1538-4365/ac33ab},
  url          = {https://ui.adsabs.harvard.edu/abs/2021ApJS..257...59C/abstract}
}

@inproceedings{Siegel_2025_CHIMEFRB_Catalog2,
  author       = {Siegel, Seth R. and {CHIME/FRB Collaboration}},
  title        = {The Second CHIME/FRB Catalog of Fast Radio Bursts},
  booktitle    = {AAS Meeting Abstracts},
  publisher    = {American Astronomical Society},
  volume       = {246},
  pages        = {317.03},
  year         = {2025},
  note         = {AAS \#246 Meeting Abstract},
  url          = {https://ui.adsabs.harvard.edu/abs/2025AAS...24631703S/abstract}
}

@article{Amiri_2024_CHIMEFRB_BasebandUpdate,
  title        = {Updating the First CHIME/FRB Catalog of Fast Radio Bursts with Baseband Data},
  author       = {{CHIME/FRB Collaboration}},
  journal      = {The Astrophysical Journal},
  volume       = {969},
  pages        = {145},
  year         = {2024},
  doi          = {10.3847/1538-4357/ad464b},
  url          = {https://ui.adsabs.harvard.edu/abs/2024ApJ...969..145C/abstract}
}

@misc{Wang_2025_DMGalaxyXPower_Catalog2,
  title        = {Measurement of the Dispersion--Galaxy Cross-Power Spectrum with the Second CHIME/FRB Catalog},
  author       = {Wang, Haochen and Masui, Kiyoshi and Andrew, Shion and Fonseca, Emmanuel and Gaensler, B. M. and Joseph, R. C. and Kaspi, Victoria M. and Kharel, Bikash and Lanman, Adam E. and Leung, Calvin and Mas-Ribas, Lluis and Mena-Parra, Juan and Nimmo, Kenzie and Pearlman, Aaron B. and Pen, Ue-Li and Prochaska, J. Xavier and Raikman, Ryan and Shin, Kaitlyn and Siegel, Seth R. and Smith, Kendrick M. and Stairs, Ingrid H.},
  year         = {2025},
  eprint       = {2506.08932},
  archivePrefix= {arXiv},
  primaryClass = {astro-ph.CO},
  doi          = {10.48550/arXiv.2506.08932},
  url          = {https://arxiv.org/abs/2506.08932}
}

@article{Rajwade_2024_Review,
  title   = {A Needle in a Cosmic Haystack: A Review of FRB Search Techniques},
  author  = {Rajwade, Kaustubh M. and van Leeuwen, Joeri},
  journal = {Universe},
  year    = {2024},
  volume  = {10},
  number  = {4},
  pages   = {158},
  doi     = {10.3390/universe10040158},
  url     = {https://www.mdpi.com/2218-1997/10/4/158}
}

@article{Morello_2021_IQRM,
  title   = {IQRM: real-time adaptive RFI masking for radio transient and pulsar searches},
  author  = {Morello, Vincent and Rajwade, Kaustubh M. and Stappers, Ben W.},
  journal = {Monthly Notices of the Royal Astronomical Society},
  year    = {2021},
  eprint  = {2108.12434},
  archivePrefix = {arXiv},
  primaryClass = {astro-ph.IM},
  url     = {https://arxiv.org/abs/2108.12434}
}

@article{Nita_2010_SK,
  title   = {Statistics of the Spectral Kurtosis Estimator},
  author  = {Nita, Gelu M. and Gary, Dale E.},
  journal = {Publications of the Astronomical Society of the Pacific},
  year    = {2010},
  volume  = {122},
  number  = {888},
  pages   = {595--607},
  doi     = {10.1086/653046},
  url     = {https://ui.adsabs.harvard.edu/abs/2010PASP..122..595N/abstract}
}

@article{Zackay_2014_FDMT,
  title   = {An accurate and efficient algorithm for detection of radio bursts with an unknown dispersion measure},
  author  = {Zackay, Barak and Ofek, Eran O.},
  journal = {The Astrophysical Journal},
  year    = {2014},
  eprint  = {1411.5373},
  archivePrefix = {arXiv},
  primaryClass = {astro-ph.IM},
  url     = {https://arxiv.org/abs/1411.5373}
}
@article{Petroff2019,
  title   = {Fast Radio Bursts},
  author  = {Petroff, E. and Hessels, J. W. T. and Lorimer, D. R.},
  journal = {The Astronomy and Astrophysics Review},
  year    = {2019},
  volume  = {27},
  number  = {4},
  doi     = {10.1007/s00159-019-0116-6}
}

% ========================================================================
% ENTRADAS RESTAURADAS (claves originales usadas en el texto)
% ========================================================================

@article{CordesChatterjee2019,
  title   = {Fast Radio Bursts: An Extragalactic Enigma},
  author  = {Cordes, J. M. and Chatterjee, S.},
  journal = {Annual Review of Astronomy and Astrophysics},
  volume  = {57},
  pages   = {417--465},
  year    = {2019},
  doi     = {10.1146/annurev-astro-091918-104501}
}

@article{FenderBell2011,
  title   = {The Transient Radio Sky},
  author  = {Fender, Rob and Bell, Melanie},
  journal = {Bulletin of the Astronomical Society of India},
  volume  = {39},
  pages   = {315--334},
  year    = {2011}
}

@book{LorimerKramer2004,
  title     = {Handbook of Pulsar Astronomy},
  author    = {Lorimer, D. R. and Kramer, M.},
  publisher = {Cambridge University Press},
  year      = {2004}
}

@article{Bochenek2020,
  title   = {A fast radio burst associated with a Galactic magnetar},
  author  = {Bochenek, C. D. and Ravi, V. and Belov, K. V. and Hallinan, G. and Kocz, J. and Kulkarni, S. R. and McKenna, D. L.},
  journal = {Nature},
  volume  = {587},
  pages   = {59--62},
  year    = {2020},
  doi     = {10.1038/s41586-020-2872-x}
}

@article{CHIME_SGR2020,
  title   = {A bright millisecond-duration radio burst from a Galactic magnetar},
  author  = {{CHIME/FRB Collaboration}},
  journal = {Nature},
  volume  = {587},
  pages   = {54--58},
  year    = {2020},
  doi     = {10.1038/s41586-020-2863-y}
}

@article{Masui2015,
  title   = {Dense magnetized plasma associated with a fast radio burst},
  author  = {Masui, K. W. and {et al.}},
  journal = {Physical Review Letters},
  volume  = {115},
  pages   = {121301},
  year    = {2015},
  doi     = {10.1103/PhysRevLett.115.121301}
}

@article{Shirasaki2021,
  title   = {Tomography of baryons with fast radio burst dispersion measures},
  author  = {Shirasaki, M. and {et al.}},
  journal = {Publications of the Astronomical Society of Japan},
  year    = {2021},
  note    = {arXiv:2108.12205}
}

% Alias de claves comunes usadas en la literatura
@article{CordesMcLaughlin2003,
  title   = {Searches for Fast Radio Transients},
  author  = {Cordes, J. M. and McLaughlin, M. A.},
  journal = {The Astrophysical Journal},
  volume  = {596},
  number  = {2},
  pages   = {1142--1154},
  year    = {2003},
  doi     = {10.1086/378231}
}

@article{CHIME2021,
  title        = {The First CHIME/FRB Fast Radio Burst Catalog},
  author       = {{CHIME/FRB Collaboration}},
  journal      = {The Astrophysical Journal Supplement Series},
  volume       = {257},
  pages        = {59},
  year         = {2021},
  doi          = {10.3847/1538-4365/ac33ab}
}

@inproceedings{Zhou_2019_CenterNet,
  title     = {Objects as Points},
  author    = {Zhou, Xingyi and Wang, Dequan and Kr{"a}henb{"u}hl, Philipp},
  booktitle = {Proceedings of the IEEE/CVF Conference on Computer Vision and Pattern Recognition},
  pages     = {9627--9636},
  year      = {2019}
}

@article{He_2015_ResNet,
  title   = {Deep Residual Learning for Image Recognition},
  author  = {He, Kaiming and Zhang, Xiangyu and Ren, Shaoqing and Sun, Jian},
  journal = {arXiv preprint arXiv:1512.03385},
  year    = {2015},
  url     = {https://arxiv.org/abs/1512.03385}
}


@article{Lorimer2007,
  title   = {A Bright Millisecond Radio Burst of Extragalactic Origin},
  author  = {Lorimer, D. R. and Bailes, M. and McLaughlin, M. A. and Narkevic, D. J. and Crawford, F.},
  journal = {Science},
  volume  = {318},
  number  = {5851},
  pages   = {777--780},
  year    = {2007},
  doi     = {10.1126/science.1147532}
}

@misc{DRAFTS-UC,
  author       = {Salgado Polanco, Sebastian},
  title        = {DRAFTS-UC: Extensión del pipeline DRAFTS para detección de transitorios rápidos de radio en el dominio milimétrico},
  year         = {2025},
  howpublished = {GitHub repository},
  url          = {https://github.com/Kodamonkey/DRAFTS-UC},
  note         = {Accedido: \today}
}

@ARTICLE{2007Sci...318..777L,
       author = {{Lorimer}, D.~R. and {Bailes}, M. and {McLaughlin}, M.~A. and {Narkevic}, D.~J. and {Crawford}, F.},
        title = "{A Bright Millisecond Radio Burst of Extragalactic Origin}",
      journal = {Science},
     keywords = {ASTRONOMY, Astrophysics},
         year = 2007,
        month = nov,
       volume = {318},
       number = {5851},
        pages = {777},
          doi = {10.1126/science.1147532},
archivePrefix = {arXiv},
       eprint = {0709.4301},
 primaryClass = {astro-ph},
       adsurl = {https://ui.adsabs.harvard.edu/abs/2007Sci...318..777L},
      adsnote = {Provided by the SAO/NASA Astrophysics Data System}
}

@ARTICLE{FRB121102,
       author = {{Thornton}, D. and {Stappers}, B. and {Bailes}, M. and {Barsdell}, B. and {Bates}, S. and {Bhat}, N.~D.~R. and {Burgay}, M. and {Burke-Spolaor}, S. and {Champion}, D.~J. and {Coster}, P. and {D'Amico}, N. and {Jameson}, A. and {Johnston}, S. and {Keith}, M. and {Kramer}, M. and {Levin}, L. and {Milia}, S. and {Ng}, C. and {Possenti}, A. and {van Straten}, W.},
        title = "{A Population of Fast Radio Bursts at Cosmological Distances}",
      journal = {Science},
     keywords = {ASTRONOMY Astronomy, Sociology, Physics, Astrophysics - High Energy Astrophysical Phenomena, Astrophysics - Cosmology and Extragalactic Astrophysics},
         year = 2013,
        month = jul,
       volume = {341},
       number = {6141},
        pages = {53-56},
          doi = {10.1126/science.1236789},
archivePrefix = {arXiv},
       eprint = {1307.1628},
 primaryClass = {astro-ph.HE},
       adsurl = {https://ui.adsabs.harvard.edu/abs/2013Sci...341...53T},
      adsnote = {Provided by the SAO/NASA Astrophysics Data System}
}

@ARTICLE{2014ApJ...790..101S,
       author = {{Spitler}, L.~G. and {Cordes}, J.~M. and {Hessels}, J.~W.~T. and {Lorimer}, D.~R. and {McLaughlin}, M.~A. and {Chatterjee}, S. and {Crawford}, F. and {Deneva}, J.~S. and {Kaspi}, V.~M. and {Wharton}, R.~S. and {Allen}, B. and {Bogdanov}, S. and {Brazier}, A. and {Camilo}, F. and {Freire}, P.~C.~C. and {Jenet}, F.~A. and {Karako-Argaman}, C. and {Knispel}, B. and {Lazarus}, P. and {Lee}, K.~J. and {van Leeuwen}, J. and {Lynch}, R. and {Ransom}, S.~M. and {Scholz}, P. and {Siemens}, X. and {Stairs}, I.~H. and {Stovall}, K. and {Swiggum}, J.~K. and {Venkataraman}, A. and {Zhu}, W.~W. and {Aulbert}, C. and {Fehrmann}, H.},
        title = "{Fast Radio Burst Discovered in the Arecibo Pulsar ALFA Survey}",
      journal = {\apj},
     keywords = {pulsars: general, Astrophysics - High Energy Astrophysical Phenomena},
         year = 2014,
        month = aug,
       volume = {790},
       number = {2},
          eid = {101},
        pages = {101},
          doi = {10.1088/0004-637X/790/2/101},
archivePrefix = {arXiv},
       eprint = {1404.2934},
 primaryClass = {astro-ph.HE},
       adsurl = {https://ui.adsabs.harvard.edu/abs/2014ApJ...790..101S},
      adsnote = {Provided by the SAO/NASA Astrophysics Data System}
}

@ARTICLE{2016Natur.531..202S,
       author = {{Spitler}, L.~G. and {Scholz}, P. and {Hessels}, J.~W.~T. and {Bogdanov}, S. and {Brazier}, A. and {Camilo}, F. and {Chatterjee}, S. and {Cordes}, J.~M. and {Crawford}, F. and {Deneva}, J. and {Ferdman}, R.~D. and {Freire}, P.~C.~C. and {Kaspi}, V.~M. and {Lazarus}, P. and {Lynch}, R. and {Madsen}, E.~C. and {McLaughlin}, M.~A. and {Patel}, C. and {Ransom}, S.~M. and {Seymour}, A. and {Stairs}, I.~H. and {Stappers}, B.~W. and {van Leeuwen}, J. and {Zhu}, W.~W.},
        title = "{A repeating fast radio burst}",
      journal = {Nature},
     keywords = {Astrophysics - High Energy Astrophysical Phenomena},
         year = 2016,
        month = mar,
       volume = {531},
       number = {7593},
        pages = {202-205},
          doi = {10.1038/nature17168},
archivePrefix = {arXiv},
       eprint = {1603.00581},
 primaryClass = {astro-ph.HE},
       adsurl = {https://ui.adsabs.harvard.edu/abs/2016Natur.531..202S},
      adsnote = {Provided by the SAO/NASA Astrophysics Data System}
}

@ARTICLE{2017Natur.541...58C,
       author = {{Chatterjee}, S. and {Law}, C.~J. and {Wharton}, R.~S. and {Burke-Spolaor}, S. and {Hessels}, J.~W.~T. and {Bower}, G.~C. and {Cordes}, J.~M. and {Tendulkar}, S.~P. and {Bassa}, C.~G. and {Demorest}, P. and {Butler}, B.~J. and {Seymour}, A. and {Scholz}, P. and {Abruzzo}, M.~W. and {Bogdanov}, S. and {Kaspi}, V.~M. and {Keimpema}, A. and {Lazio}, T.~J.~W. and {Marcote}, B. and {McLaughlin}, M.~A. and {Paragi}, Z. and {Ransom}, S.~M. and {Rupen}, M. and {Spitler}, L.~G. and {van Langevelde}, H.~J.},
        title = "{A direct localization of a fast radio burst and its host}",
      journal = {Nature},
     keywords = {Astrophysics - High Energy Astrophysical Phenomena, Astrophysics - Cosmology and Nongalactic Astrophysics, Astrophysics - Instrumentation and Methods for Astrophysics},
         year = 2017,
        month = jan,
       volume = {541},
       number = {7635},
        pages = {58-61},
          doi = {10.1038/nature20797},
archivePrefix = {arXiv},
       eprint = {1701.01098},
 primaryClass = {astro-ph.HE},
       adsurl = {https://ui.adsabs.harvard.edu/abs/2017Natur.541...58C},
      adsnote = {Provided by the SAO/NASA Astrophysics Data System}
}

@ARTICLE{2019A&ARv..27....4P,
       author = {{Petroff}, E. and {Hessels}, J.~W.~T. and {Lorimer}, D.~R.},
        title = "{Fast radio bursts}",
      journal = {A\&ARv},
     keywords = {Fast radio burst, Pulsar, Radio astronomy, Transient, Astrophysics - High Energy Astrophysical Phenomena},
         year = 2019,
        month = dec,
       volume = {27},
       number = {1},
          eid = {4},
        pages = {4},
          doi = {10.1007/s00159-019-0116-6},
archivePrefix = {arXiv},
       eprint = {1904.07947},
 primaryClass = {astro-ph.HE},
       adsurl = {https://ui.adsabs.harvard.edu/abs/2019A&ARv..27....4P},
      adsnote = {Provided by the SAO/NASA Astrophysics Data System}
}

@ARTICLE{2020MNRAS.495.3551R,
       author = {{Rajwade}, K.~M. and {Mickaliger}, M.~B. and {Stappers}, B.~W. and {Morello}, V. and {Agarwal}, D. and {Bassa}, C.~G. and {Breton}, R.~P. and {Caleb}, M. and {Karastergiou}, A. and {Keane}, E.~F. and {Lorimer}, D.~R.},
        title = "{Possible periodic activity in the repeating FRB 121102}",
      journal = {MNRAS},
     keywords = {surveys, binaries: general, radio continuum: transients, Astrophysics - High Energy Astrophysical Phenomena},
         year = 2020,
        month = jul,
       volume = {495},
       number = {4},
        pages = {3551-3558},
          doi = {10.1093/mnras/staa1237},
archivePrefix = {arXiv},
       eprint = {2003.03596},
 primaryClass = {astro-ph.HE},
       adsurl = {https://ui.adsabs.harvard.edu/abs/2020MNRAS.495.3551R},
      adsnote = {Provided by the SAO/NASA Astrophysics Data System}
}

@ARTICLE{2020Natur.587...59B,
       author = {{Bochenek}, C.~D. and {Ravi}, V. and {Belov}, K.~V. and {Hallinan}, G. and {Kocz}, J. and {Kulkarni}, S.~R. and {McKenna}, D.~L.},
        title = "{A fast radio burst associated with a Galactic magnetar}",
      journal = {Nature},
     keywords = {Astrophysics - High Energy Astrophysical Phenomena},
         year = 2020,
        month = nov,
       volume = {587},
       number = {7832},
        pages = {59-62},
          doi = {10.1038/s41586-020-2872-x},
archivePrefix = {arXiv},
       eprint = {2005.10828},
 primaryClass = {astro-ph.HE},
       adsurl = {https://ui.adsabs.harvard.edu/abs/2020Natur.587...59B},
      adsnote = {Provided by the SAO/NASA Astrophysics Data System}
}

@ARTICLE{2021ApJ...923....1P,
       author = {{Pleunis}, Ziggy and {Good}, Deborah C. and {Kaspi}, Victoria M. and {Mckinven}, Ryan and {Ransom}, Scott M. and {Scholz}, Paul and {Bandura}, Kevin and {Bhardwaj}, Mohit and {Boyle}, P.~J. and {Brar}, Charanjot and {Cassanelli}, Tomas and {Chawla}, Pragya and {(Adam) Dong}, Fengqiu and {Fonseca}, Emmanuel and {Gaensler}, B.~M. and {Josephy}, Alexander and {Kaczmarek}, Jane F. and {Leung}, Calvin and {Lin}, Hsiu-Hsien and {Masui}, Kiyoshi W. and {Mena-Parra}, Juan and {Michilli}, Daniele and {Ng}, Cherry and {Patel}, Chitrang and {Rafiei-Ravandi}, Masoud and {Rahman}, Mubdi and {Sanghavi}, Pranav and {Shin}, Kaitlyn and {Smith}, Kendrick M. and {Stairs}, Ingrid H. and {Tendulkar}, Shriharsh P.},
        title = "{Fast Radio Burst Morphology in the First CHIME/FRB Catalog}",
      journal = {\apj},
     keywords = {2008, 739, Astrophysics - High Energy Astrophysical Phenomena},
         year = 2021,
        month = dec,
       volume = {923},
       number = {1},
          eid = {1},
        pages = {1},
          doi = {10.3847/1538-4357/ac33ac},
archivePrefix = {arXiv},
       eprint = {2106.04356},
 primaryClass = {astro-ph.HE},
       adsurl = {https://ui.adsabs.harvard.edu/abs/2021ApJ...923....1P},
      adsnote = {Provided by the SAO/NASA Astrophysics Data System}
}

@ARTICLE{2021ApJS..257...59C,
       author = {{CHIME/FRB Collaboration} and {Amiri}, Mandana and {Andersen}, Bridget C. and {Bandura}, Kevin and {Berger}, Sabrina and {Bhardwaj}, Mohit and {Boyce}, Michelle M. and {Boyle}, P.~J. and {Brar}, Charanjot and {Breitman}, Daniela and {Cassanelli}, Tomas and {Chawla}, Pragya and {Chen}, Tianyue and {Cliche}, J. -F. and {Cook}, Amanda and {Cubranic}, Davor and {Curtin}, Alice P. and {Deng}, Meiling and {Dobbs}, Matt and {Dong}, Fengqiu Adam and {Eadie}, Gwendolyn and {Fandino}, Mateus and {Fonseca}, Emmanuel and {Gaensler}, B.~M. and {Giri}, Utkarsh and {Good}, Deborah C. and {Halpern}, Mark and {Hill}, Alex S. and {Hinshaw}, Gary and {Josephy}, Alexander and {Kaczmarek}, Jane F. and {Kader}, Zarif and {Kania}, Joseph W. and {Kaspi}, Victoria M. and {Landecker}, T.~L. and {Lang}, Dustin and {Leung}, Calvin and {Li}, Dongzi and {Lin}, Hsiu-Hsien and {Masui}, Kiyoshi W. and {McKinven}, Ryan and {Mena-Parra}, Juan and {Merryfield}, Marcus and {Meyers}, Bradley W. and {Michilli}, Daniele and {Milutinovic}, Nikola and {Mirhosseini}, Arash and {M{\"u}nchmeyer}, Moritz and {Naidu}, Arun and {Newburgh}, Laura and {Ng}, Cherry and {Patel}, Chitrang and {Pen}, Ue-Li and {Petroff}, Emily and {Pinsonneault-Marotte}, Tristan and {Pleunis}, Ziggy and {Rafiei-Ravandi}, Masoud and {Rahman}, Mubdi and {Ransom}, Scott M. and {Renard}, Andre and {Sanghavi}, Pranav and {Scholz}, Paul and {Shaw}, J. Richard and {Shin}, Kaitlyn and {Siegel}, Seth R. and {Sikora}, Andrew E. and {Singh}, Saurabh and {Smith}, Kendrick M. and {Stairs}, Ingrid and {Tan}, Chia Min and {Tendulkar}, S.~P. and {Vanderlinde}, Keith and {Wang}, Haochen and {Wulf}, Dallas and {Zwaniga}, A.~V.},
        title = "{The First CHIME/FRB Fast Radio Burst Catalog}",
      journal = {\apjs},
     keywords = {2008, 992, 1108, Astrophysics - High Energy Astrophysical Phenomena, Astrophysics - Cosmology and Nongalactic Astrophysics, Astrophysics - Instrumentation and Methods for Astrophysics},
         year = 2021,
        month = dec,
       volume = {257},
       number = {2},
          eid = {59},
        pages = {59},
          doi = {10.3847/1538-4365/ac33ab},
archivePrefix = {arXiv},
       eprint = {2106.04352},
 primaryClass = {astro-ph.HE},
       adsurl = {https://ui.adsabs.harvard.edu/abs/2021ApJS..257...59C},
      adsnote = {Provided by the SAO/NASA Astrophysics Data System}
}

@ARTICLE{2022A&ARv..30....2P,
       author = {{Petroff}, E. and {Hessels}, J.~W.~T. and {Lorimer}, D.~R.},
        title = "{Fast radio bursts at the dawn of the 2020s}",
      journal = {A\&ARv},
     keywords = {Fast radio burst, Pulsar, Magnetar, Radio astronomy, Transient, Astrophysics - High Energy Astrophysical Phenomena, Astrophysics - Cosmology and Nongalactic Astrophysics},
         year = 2022,
        month = dec,
       volume = {30},
       number = {1},
          eid = {2},
        pages = {2},
          doi = {10.1007/s00159-022-00139-w},
archivePrefix = {arXiv},
       eprint = {2107.10113},
 primaryClass = {astro-ph.HE},
       adsurl = {https://ui.adsabs.harvard.edu/abs/2022A&ARv..30....2P},
      adsnote = {Provided by the SAO/NASA Astrophysics Data System}
}

@ARTICLE{2024NatAs...8.1429C,
       author = {{Cassanelli}, Tomas and {Leung}, Calvin and {Sanghavi}, Pranav and {Mena-Parra}, Juan and {Cary}, Savannah and {Mckinven}, Ryan and {Bhardwaj}, Mohit and {Masui}, Kiyoshi W. and {Michilli}, Daniele and {Bandura}, Kevin and {Chatterjee}, Shami and {Peterson}, Jeffrey B. and {Kaczmarek}, Jane and {Rahman}, Mubdi and {Shin}, Kaitlyn and {Vanderlinde}, Keith and {Berger}, Sabrina and {Brar}, Charanjot and {Boyle}, P.~J. and {Breitman}, Daniela and {Chawla}, Pragya and {Curtin}, Alice P. and {Dobbs}, Matt and {Dong}, Fengqiu Adam and {Fonseca}, Emmanuel and {Gaensler}, B.~M. and {Ibik}, Adaeze and {Kaspi}, Victoria M. and {Khairy}, Kholoud and {Lanman}, Adam E. and {Lazda}, Mattias and {Lin}, Hsiu-Hsien and {Luo}, Jing and {Meyers}, Bradley W. and {Milutinovic}, Nikola and {Ng}, Cherry and {Noble}, Gavin and {Pearlman}, Aaron B. and {Pen}, Ue-Li and {Petroff}, Emily and {Pleunis}, Ziggy and {Quine}, Brendan and {Rafiei-Ravandi}, Masoud and {Renard}, Andre and {Sand}, Ketan R. and {Schoen}, Eve and {Scholz}, Paul and {Smith}, Kendrick M. and {Stairs}, Ingrid and {Tendulkar}, Shriharsh P.},
        title = "{A fast radio burst localized at detection to an edge-on galaxy using very-long-baseline interferometry}",
      journal = {Nature Astronomy},
     keywords = {Astrophysics - High Energy Astrophysical Phenomena, Astrophysics - Instrumentation and Methods for Astrophysics},
         year = 2024,
        month = nov,
       volume = {8},
        pages = {1429-1442},
          doi = {10.1038/s41550-024-02357-x},
archivePrefix = {arXiv},
       eprint = {2307.09502},
 primaryClass = {astro-ph.HE},
       adsurl = {https://ui.adsabs.harvard.edu/abs/2024NatAs...8.1429C},
      adsnote = {Provided by the SAO/NASA Astrophysics Data System}
}


@software{2024ascl.soft07016B,
       author = {{Barsdell}, Benjamin R. and {Jameson}, Andrew},
        title = "{Heimdall: GPU accelerated transient detection pipeline for radio astronomy}",
 howpublished = {Astrophysics Source Code Library, record ascl:2407.016},
         year = 2024,
        month = jul,
          eid = {ascl:2407.016},
archivePrefix = {ascl},
       eprint = {2407.016},
       adsurl = {https://ui.adsabs.harvard.edu/abs/2024ascl.soft07016B},
      adsnote = {Provided by the SAO/NASA Astrophysics Data System}
}

@article{Niu2022_FRB20190520B,
  author  = {Niu, C.-H. and Aggarwal, K. and Li, D. and {et~al.}},
  title   = {A repeating fast radio burst associated with a persistent radio source},
  journal = {Nature},
  year    = {2022},
  volume  = {606},
  pages   = {873--877},
  doi     = {10.1038/s41586-022-04755-5}
}

@article{Torne2015,
  title   = {High-frequency radio observations of the Galactic Center magnetar SGR J1745$-$2900},
  author  = {Torne, P. and {et al.}},
  journal = {Monthly Notices of the Royal Astronomical Society: Letters},
  volume  = {451},
  pages   = {L50--L54},
  year    = {2015},
  doi     = {10.1093/mnrasl/slv064}
}

@article{Torne2017,
  title   = {Detection of pulsations from the Galactic Center magnetar SGR J1745$-$2900 up to 154 GHz},
  author  = {Torne, P. and {et al.}},
  journal = {The Astrophysical Journal Letters},
  volume  = {835},
  pages   = {L10},
  year    = {2017},
  doi     = {10.3847/2041-8213/835/1/L10}
}

@article{Gajjar2018,
  author  = {Gajjar, V. and Siemion, A. P. V. and Price, D. C. and Lorimer, D. R. and Spitler, L. G. and Wharton, R. S. and Almeida, A. and Alfred, D. and Barr, E. D. and Berthold, R. and Bower, G. C. and Caleb, M. and Chatterjee, S. and Cordes, J. M. and Croft, S. and de Vries, M. and Enriquez, J. E. and Foster, G. and Gourdji, K. and Hellbourg, G. and Isaacson, H. and Karastergiou, A. and Lackpour, N. and Leech, J. and McLaughlin, M. A. and Rajwade, K. M. and Scholz, P. and Seymour, A. and Werthimer, D.},
  title   = {Highest Frequency Detection of FRB 121102 at 4--8 GHz},
  journal = {The Astrophysical Journal Letters},
  year    = {2018},
  volume  = {863},
  pages   = {L13},
  doi     = {10.3847/2041-8213/aad005}
}

@article{Bethapudi2023,
  author  = {Bethapudi, S. and Bethapudi, R. and Spitler, L. G. and Hessels, J. W. T. and Bhattacharyya, B. and Gopinath, A. and Kramer, M. and Nimmo, K. and Petroff, E. and Rajwade, K. and Stappers, B. W.},
  title   = {High-frequency study of FRB 20180916B using the 100-m Effelsberg telescope},
  journal = {Monthly Notices of the Royal Astronomical Society},
  year    = {2023},
  volume  = {524},
  pages   = {3303--3318},
  doi     = {10.1093/mnras/stad2104}
}

@article{Majid2021,
  author  = {Majid, W. A. and Pearlman, A. B. and Naudet, C. J. and Palayan, K. and Bub, G. and Enriquez, J. E. and Lazio, T. J. W. and Majid, W. A. and Martinez, M. M.},
  title   = {A Bright Burst from FRB 20200120E Detected with the NASA Deep Space Network},
  journal = {The Astrophysical Journal Letters},
  year    = {2021},
  volume  = {919},
  pages   = {L6},
  doi     = {10.3847/2041-8213/ac242b}
}

@ARTICLE{2024A&A...683A.183M,
       author = {{Men}, Yunpeng and {Barr}, Ewan},
        title = "{TransientX: A high-performance single-pulse search package}",
      journal = {A\&A},
     keywords = {methods: data analysis, pulsars: general, Astrophysics - Instrumentation and Methods for Astrophysics, Astrophysics - High Energy Astrophysical Phenomena},
         year = 2024,
        month = mar,
       volume = {683},
          eid = {A183},
        pages = {A183},
          doi = {10.1051/0004-6361/202348247},
archivePrefix = {arXiv},
       eprint = {2401.13834},
 primaryClass = {astro-ph.IM},
       adsurl = {https://ui.adsabs.harvard.edu/abs/2024A&A...683A.183M},
      adsnote = {Provided by the SAO/NASA Astrophysics Data System}
}

@ARTICLE{Pleunis2021,
       author = {{Pleunis}, Ziggy and {Michilli}, Daniele and {Masui}, Kiyoshi and {Naidu}, Avinash and {Mckinven}, Ryan and {Bhardwaj}, Mohit and {Cook}, Amanda and {Dong}, Fengqiu Adam and {Gaensler}, B.~M. and {Kaspi}, Victoria M. and {Luo}, Jing and {Mena-Parra}, Juan and {Ng}, Cherry and {Patel}, Chitrang and {Rafiei-Ravandi}, Masoud and {Scholz}, Paul and {Stairs}, Ingrid H. and {Tendulkar}, Shriharsh P.},
        title = "{Morphology of fast radio burst structure from the CHIME/FRB instrument}",
      journal = {A\&A},
     keywords = {radio continuum: transients, methods: data analysis, Astrophysics - High Energy Astrophysical Phenomena},
         year = 2021,
        month = jul,
       volume = {651},
          eid = {A93},
        pages = {A93},
          doi = {10.1051/0004-6361/202140560},
archivePrefix = {arXiv},
       eprint = {2105.13340},
 primaryClass = {astro-ph.HE},
       adsurl = {https://ui.adsabs.harvard.edu/abs/2021A&A...651A..93P},
      adsnote = {Provided by the SAO/NASA Astrophysics Data System}
}

@ARTICLE{CHIME_FRB_Collaboration_2020,
       author = {{CHIME/FRB Collaboration}},
        title = "{Periodic activity from a fast radio burst source}",
      journal = {Nature},
     keywords = {radio continuum: transients, Astrophysics - High Energy Astrophysical Phenomena},
         year = 2020,
        month = jun,
       volume = {582},
        pages = {351-355},
          doi = {10.1038/s41586-020-2398-2},
archivePrefix = {arXiv},
       eprint = {2001.10275},
 primaryClass = {astro-ph.HE},
       adsurl = {https://ui.adsabs.harvard.edu/abs/2020Natur.582..351C},
      adsnote = {Provided by the SAO/NASA Astrophysics Data System}
}

@ARTICLE{Feng2024,
       author = {{Feng}, Yuanpei and {Li}, Di and {Yang}, Yuan-Pei and {Zhang}, Bing},
        title = "{Precession of magnetars and the periodic activities of fast radio bursts}",
      journal = {A\&A},
     keywords = {stars: magnetars, radio continuum: transients, Astrophysics - High Energy Astrophysical Phenomena},
         year = 2024,
        month = may,
       volume = {685},
          eid = {A85},
        pages = {A85},
          doi = {10.1051/0004-6361/202449481},
archivePrefix = {arXiv},
       eprint = {2402.18275},
 primaryClass = {astro-ph.HE},
       adsurl = {https://ui.adsabs.harvard.edu/abs/2024A&A...685A..85F},
      adsnote = {Provided by the SAO/NASA Astrophysics Data System}
}

@ARTICLE{Spitler2016,
       author = {{Spitler}, L.~G. and {Scholz}, P. and {Hessels}, J.~W.~T. and {Bogdanov}, S. and {Chatterjee}, S. and {Cordes}, J.~M. and {Crawford}, F. and {Deneva}, J.~S. and {Hessels}, J.~W.~T. and {Janssen}, G.~H. and {Lee}, K.~J. and {Lynch}, R.~S. and {Madsen}, E.~C. and {McLaughlin}, M.~A. and {Ransom}, S.~M. and {Seymour}, A. and {Stairs}, I.~H. and {Stovall}, K. and {Swiggum}, J. and {Zhu}, W.~W.},
        title = "{A repeating fast radio burst}",
      journal = {Nature},
     keywords = {radio continuum: transients, Astrophysics - High Energy Astrophysical Phenomena},
         year = 2016,
        month = mar,
       volume = {531},
        pages = {202-205},
          doi = {10.1038/nature17168},
archivePrefix = {arXiv},
       eprint = {1603.00581},
 primaryClass = {astro-ph.HE},
       adsurl = {https://ui.adsabs.harvard.edu/abs/2016Natur.531..202S},
      adsnote = {Provided by the SAO/NASA Astrophysics Data System}
}

@ARTICLE{Tendulkar2017,
       author = {{Tendulkar}, Shriharsh P. and {Bassa}, Cees G. and {Cordes}, James M. and {Bower}, Geoffrey C. and {Law}, Casey J. and {Butler}, Bryan J. and {Chatterjee}, Shami and {Deneva}, Julia S. and {Hessels}, Jason W.~T. and {Kaspi}, Victoria M. and {Lazio}, T.~Joseph W. and {Madsen}, Eric C. and {Ransom}, Scott M. and {Scholz}, Paul and {Seymour}, Andrew and {Spitler}, Laura G. and {van Kerkwijk}, Marten H.},
        title = "{The Host Galaxy and Redshift of the Repeating Fast Radio Burst FRB 121102}",
      journal = {ApJ},
     keywords = {galaxies: dwarf, galaxies: individual: FRB 121102, radio continuum: transients, Astrophysics - High Energy Astrophysical Phenomena},
         year = 2017,
        month = apr,
       volume = {834},
       number = {1},
          eid = {L7},
        pages = {L7},
          doi = {10.3847/2041-8213/834/2/L7},
archivePrefix = {arXiv},
       eprint = {1701.01100},
 primaryClass = {astro-ph.HE},
       adsurl = {https://ui.adsabs.harvard.edu/abs/2017ApJ...834L...7T},
      adsnote = {Provided by the SAO/NASA Astrophysics Data System}
}



